<record><leader>00000cas a22000007a 4500</leader><controlfield tag="001">19274668</controlfield><controlfield tag="008">890227d19311967mouwr ne      0    0eng d</controlfield><datafield ind1=" " ind2=" " tag="010"><subfield code="a">sn 89066248 </subfield></datafield><datafield ind1=" " ind2=" " tag="040"><subfield code="a">MQN</subfield><subfield code="b">eng</subfield><subfield code="c">MQN</subfield><subfield code="d">OCLCQ</subfield></datafield><datafield ind1=" " ind2=" " tag="042"><subfield code="a">msc</subfield></datafield><datafield ind1="0" ind2="4" tag="245"><subfield code="a">The Saline County citizen.</subfield></datafield><datafield ind1=" " ind2=" " tag="260"><subfield code="a">Marshall, Saline County, Mo. :</subfield><subfield code="b">Edgar C. Nelson,</subfield><subfield code="c">1931-</subfield></datafield><datafield ind1=" " ind2=" " tag="300"><subfield code="a">v.</subfield></datafield><datafield ind1=" " ind2=" " tag="310"><subfield code="a">Weekly</subfield></datafield><datafield ind1="0" ind2=" " tag="362"><subfield code="a">Vol. 36, no. 31 (Apr. 3, 1931)-</subfield></datafield><datafield ind1="1" ind2=" " tag="362"><subfield code="a">Ceased in 1967?</subfield></datafield><datafield ind1=" " ind2=" " tag="752"><subfield code="a">United States</subfield><subfield code="b">Missouri</subfield><subfield code="c">Saline</subfield><subfield code="d">Marshall.</subfield></datafield><datafield ind1="0" ind2="0" tag="780"><subfield code="t">Weekly Saline citizen</subfield><subfield code="w">(DLC)sn 86063636</subfield></datafield><datafield ind1="0" ind2="5" tag="780"><subfield code="t">Weekly democrat-news (Marshall, Mo.)</subfield><subfield code="w">(DLC)sn 89066243</subfield></datafield></record>